<?xml version="1.0" encoding="utf-8"?>
<record xmlns="http://www.loc.gov/MARC21/slim" xmlns:xsi="http://www.w3.org/2001/XMLSchema-instance" xsi:schemaLocation="http://www.loc.gov/MARC21/slim http://www.loc.gov/standards/marcxml/schema/MARC21slim.xsd">
	<leader>     nam a22     Mi 4500</leader>
	<controlfield tag="001">b12362888</controlfield>
	<controlfield tag="003">LeBAU</controlfield>
	<controlfield tag="006">m        d        </controlfield>
	<controlfield tag="007">cr cn |||m|||a</controlfield>
	<controlfield tag="008">180604s1947    le acf  ob    ||0 0 ara d</controlfield>
	<datafield ind1=" " ind2=" " tag="040">
		<subfield code="a">ZYU</subfield>
		<subfield code="b">ara</subfield>
		<subfield code="e">rda</subfield>
		<subfield code="c">ZYU</subfield>
	</datafield>
	<datafield ind1="0" ind2="4" tag="082">
		<subfield code="a">181.07</subfield>
		<subfield code="2">23</subfield>
	</datafield>
	<datafield ind1="1" ind2=" " tag="100">
		<subfield code="6">880-01</subfield>
		<subfield code="a">Qumayr, Yūḥannā,</subfield>
		<subfield code="e">author.</subfield>
	</datafield>
	<datafield ind1="1" ind2="0" tag="245">
		<subfield code="6">880-02</subfield>
		<subfield code="a">al-Ghazālī :</subfield>
		<subfield code="b">dirāsah, mukhtārāt /</subfield>
		<subfield code="c">al-Ab Yūḥannā Qumayr, Ustādh al-Falsafah al-‘Arabīyah fī Jāmi‘at al-Qiddīs Yūsuf.</subfield>
	</datafield>
	<datafield ind1=" " ind2="1" tag="264">
		<subfield code="6">880-03</subfield>
		<subfield code="a">Bayrūt :</subfield>
		<subfield code="b">al-Maṭba‘ah al-Kāthūlīkīyah,</subfield>
		<subfield code="c">1947.</subfield>
	</datafield>
	<datafield ind1=" " ind2=" " tag="300">
		<subfield code="6">880-04</subfield>
		<subfield code="a">online resource (2 volumes) :</subfield>
		<subfield code="b">illustrations, portrait</subfield>
	</datafield>
	<datafield ind1=" " ind2=" " tag="336">
		<subfield code="a">text</subfield>
		<subfield code="2">rdacontent</subfield>
	</datafield>
	<datafield ind1=" " ind2=" " tag="337">
		<subfield code="a">computer</subfield>
		<subfield code="2">rdamedia</subfield>
	</datafield>
	<datafield ind1=" " ind2=" " tag="338">
		<subfield code="a">online resource</subfield>
		<subfield code="2">rdacarrier</subfield>
	</datafield>
	<datafield ind1=" " ind2=" " tag="500">
		<subfield code="a">Part of the Arabic Collections Online (ACO) project, contributed by American University of Beirut's Jafet Memorial Library.</subfield>
	</datafield>
	<datafield ind1=" " ind2=" " tag="504">
		<subfield code="a">يتضمن مراجع ببليوغرافية.</subfield>
	</datafield>
	<datafield ind1=" " ind2=" " tag="533">
		<subfield code="a">Electronic reproduction.</subfield>
		<subfield code="b">New York, N.Y. :</subfield>
		<subfield code="c">New York University,</subfield>
		<subfield code="d">2018.</subfield>
		<subfield code="5">NNU</subfield>
	</datafield>
	<datafield ind1="0" ind2="4" tag="600">
		<subfield code="a">الغزالي،</subfield>
		<subfield code="d">1058-1111</subfield>
		<subfield code="x">نقد وتأويل.</subfield>
	</datafield>
	<datafield ind1="0" ind2="0" tag="600">
		<subfield code="a">Ghazzālī,</subfield>
		<subfield code="d">1058-1111</subfield>
		<subfield code="x">Criticism and interpretation.</subfield>
	</datafield>
	<datafield ind1=" " ind2="4" tag="650">
		<subfield code="a">الفلاسفة المسلمون.</subfield>
	</datafield>
	<datafield ind1=" " ind2="4" tag="650">
		<subfield code="a">الفلسفة العربية.</subfield>
	</datafield>
	<datafield ind1=" " ind2="0" tag="650">
		<subfield code="a">Muslim philosophers.</subfield>
	</datafield>
	<datafield ind1=" " ind2="0" tag="650">
		<subfield code="a">Philosophy, Arab.</subfield>
	</datafield>
	<datafield ind1="0" ind2=" " tag="700">
		<subfield code="6">880-05</subfield>
		<subfield code="a">Ghazzālī,</subfield>
		<subfield code="d">1058-1111.</subfield>
		<subfield code="t">Works.</subfield>
		<subfield code="k">Selections.</subfield>
		<subfield code="f">1953.</subfield>
	</datafield>
	<datafield ind1="2" ind2=" " tag="710">
		<subfield code="a">Jafet Memorial Library.</subfield>
	</datafield>
	<datafield ind1="0" ind2=" " tag="730">
		<subfield code="a">Arabic Collections Online.</subfield>
	</datafield>
	<datafield ind1="0" ind2=" " tag="775">
		<subfield code="6">880-06</subfield>
		<subfield code="i">has designation of edition</subfield>
		<subfield code="4">http://rdaregistry.info/Elements/m/P30133:</subfield>
		<subfield code="t">al-Ghazālī : dirāsah, mukhtārāt.</subfield>
		<subfield code="b">Ṭab‘ah thānīyah munaqqaḥah.</subfield>
		<subfield code="d">Bayrūt : al-Maṭba‘ah al-Kāthūlīkīyah, 1953</subfield>
		<subfield code="w">(OCoLC)936117361</subfield>
		<subfield code="w">(OCoLC)936117361</subfield>
	</datafield>
	<datafield ind1="0" ind2="8" tag="776">
		<subfield code="i">Print version:</subfield>
		<subfield code="a">Qumayr, Yūḥannā, author.</subfield>
		<subfield code="t">al-Ghazālī</subfield>
		<subfield code="w">(LeBAU)b12362888</subfield>
	</datafield>
	<datafield ind1="4" ind2="0" tag="856">
		<subfield code="u">http://hdl.handle.net/2333.1/9ghx3nnk</subfield>
	</datafield>
	<datafield ind1="1" ind2=" " tag="880">
		<subfield code="6">100-01</subfield>
		<subfield code="a">قمير، يوحنا،</subfield>
		<subfield code="e">مؤلف. </subfield>
		<subfield code="4">aut.</subfield>
	</datafield>
	<datafield ind1="1" ind2="3" tag="880">
		<subfield code="6">245-02</subfield>
		<subfield code="a">الغزالي :</subfield>
		<subfield code="b">دراسة، مختارات /</subfield>
		<subfield code="c">الأب يوحنا قمير، أستاذ الفلسفة العربية في جامعة القديس يوسف.</subfield>
	</datafield>
	<datafield ind1=" " ind2="1" tag="880">
		<subfield code="6">264-03</subfield>
		<subfield code="a">بيروت :</subfield>
		<subfield code="b">المطبعة الكاثوليكية،</subfield>
		<subfield code="c">1947.</subfield>
	</datafield>
	<datafield ind1=" " ind2=" " tag="880">
		<subfield code="6">300-04</subfield>
		<subfield code="a">2 جزء :</subfield>
		<subfield code="b">مصورات، صورة شخصانية ؛</subfield>
		<subfield code="c">18 سم</subfield>
	</datafield>
	<datafield ind1="0" ind2=" " tag="880">
		<subfield code="6">700-05</subfield>
		<subfield code="a">الغزالي،</subfield>
		<subfield code="d">1058-1111.</subfield>
		<subfield code="t">اعمال.</subfield>
		<subfield code="k">مختارات.</subfield>
		<subfield code="f">1953.</subfield>
	</datafield>
	<datafield ind1="0" ind2=" " tag="880">
		<subfield code="6">775-06</subfield>
		<subfield code="i">دلالة على الطبعة</subfield>
		<subfield code="4">http://rdaregistry.info/Elements/m/P30133:</subfield>
		<subfield code="t">الغزالي : دراسة، مختارات.</subfield>
		<subfield code="b">طبعة ثانية منقحة.</subfield>
		<subfield code="d">بيروت : المطبعة الكاثوليكية، 1953</subfield>
		<subfield code="w">b17916616</subfield>
		<subfield code="w">(OCoLC)936117361</subfield>
	</datafield>
	<datafield ind1=" " ind2=" " tag="959">
		<subfield code="a">NNU</subfield>
		<subfield code="b">WEB</subfield>
		<subfield code="c">GENI</subfield>
		<subfield code="t">0</subfield>
		<subfield code="m">Electronic access</subfield>
		<subfield code="s">01</subfield>
	</datafield>
	<datafield ind1=" " ind2=" " tag="999">
		<subfield code="i">LeBAU_b12362888</subfield>
		<subfield code="s">aub_aco001947:v.1</subfield>
		<subfield code="s">aub_aco001948:v.2</subfield>
		<subfield code="e">(ERROR-MISC)</subfield>
	</datafield>
</record>
